%YAML 1.1
%TAG !u! tag:unity3d.com,2011:
--- !u!241 &24100000
AudioMixerController:
  m_ObjectHideFlags: 0
  m_PrefabParentObject: {fileID: 0}
  m_PrefabInternal: {fileID: 0}
  m_Name: General
  m_OutputGroup: {fileID: 0}
  m_MasterGroup: {fileID: 24300002}
  m_Snapshots:
  - {fileID: 24500006}
  m_StartSnapshot: {fileID: 24500006}
  m_SuspendThreshold: -80
  m_EnableSuspend: 1
  m_UpdateMode: 0
  m_ExposedParameters:
  - guid: 315d2abd472388149b8520c801ca934c
    name: ambientGroup
  - guid: 4acfae1393bcee742a2da7975c237df9
    name: videoGroup
  m_AudioMixerGroupViews:
  - guids:
    - 5990aadb123531844add6e73eb35e007
    - 66a65f54ffc9ddb4591513d6c09822d5
    - b428ff59dc747f340b105fb7662ded52
    - 62ce2d200701b254fad483a6a0c82d18
    - daa368479d6292c4fb686ffda41bf4bb
    - e69083d396bc5c342832cac01cf94904
    name: View
  m_CurrentViewIndex: 0
  m_TargetSnapshot: {fileID: 24500006}
--- !u!243 &24300002
AudioMixerGroupController:
  m_ObjectHideFlags: 0
  m_PrefabParentObject: {fileID: 0}
  m_PrefabInternal: {fileID: 0}
  m_Name: Master
  m_AudioMixer: {fileID: 24100000}
  m_GroupID: 5990aadb123531844add6e73eb35e007
  m_Children:
  - {fileID: 243698288425817400}
  - {fileID: 243169095699901930}
  - {fileID: 243869423785857236}
  - {fileID: 243521557704644222}
  - {fileID: 243230884861042474}
  m_Volume: 671c22b0805f595448ec06d88002764d
  m_Pitch: d56484e977922ab459f9a04d512689b6
  m_Effects:
  - {fileID: 24400004}
  m_UserColorIndex: 0
  m_Mute: 0
  m_Solo: 0
  m_BypassEffects: 0
--- !u!244 &24400004
AudioMixerEffectController:
  m_ObjectHideFlags: 3
  m_PrefabParentObject: {fileID: 0}
  m_PrefabInternal: {fileID: 0}
  m_Name: 
  m_EffectID: 65b0394c7604fa84e86cdb6d76e9dbc8
  m_EffectName: Attenuation
  m_MixLevel: 176b02fddd6794f4884edc2210eff83c
  m_Parameters: []
  m_SendTarget: {fileID: 0}
  m_EnableWetMix: 0
  m_Bypass: 0
--- !u!245 &24500006
AudioMixerSnapshotController:
  m_ObjectHideFlags: 0
  m_PrefabParentObject: {fileID: 0}
  m_PrefabInternal: {fileID: 0}
  m_Name: Snapshot
  m_AudioMixer: {fileID: 24100000}
  m_SnapshotID: 3b03dbd5aa6381547abe82d4dd79822f
  m_FloatValues:
    671c22b0805f595448ec06d88002764d: 0.10800299
    4acfae1393bcee742a2da7975c237df9: 5
    2bd6c62466de503468bb151ee96646c5: -19.928493
    8c16b179a7d88ca49b245fd79f2e05f3: 2.090601
    ab3c781dbdd5bfd4bb98acfa373fcae7: -10.345207
    315d2abd472388149b8520c801ca934c: -19.928478
  m_TransitionOverrides: {}
--- !u!243 &243169095699901930
AudioMixerGroupController:
  m_ObjectHideFlags: 0
  m_PrefabParentObject: {fileID: 0}
  m_PrefabInternal: {fileID: 0}
  m_Name: LogInOut
  m_AudioMixer: {fileID: 24100000}
  m_GroupID: 62ce2d200701b254fad483a6a0c82d18
  m_Children: []
  m_Volume: 2bd6c62466de503468bb151ee96646c5
  m_Pitch: d231365596b74ea409bbae58da6c6646
  m_Effects:
  - {fileID: 244601344633112062}
  m_UserColorIndex: 0
  m_Mute: 0
  m_Solo: 0
  m_BypassEffects: 0
--- !u!243 &243230884861042474
AudioMixerGroupController:
  m_ObjectHideFlags: 0
  m_PrefabParentObject: {fileID: 0}
  m_PrefabInternal: {fileID: 0}
  m_Name: System
  m_AudioMixer: {fileID: 24100000}
  m_GroupID: e69083d396bc5c342832cac01cf94904
  m_Children: []
  m_Volume: 8c16b179a7d88ca49b245fd79f2e05f3
  m_Pitch: 29b7239edcd8a0543af74a8589c45db3
  m_Effects:
  - {fileID: 244050328660517140}
  m_UserColorIndex: 0
  m_Mute: 0
  m_Solo: 0
  m_BypassEffects: 0
--- !u!243 &243521557704644222
AudioMixerGroupController:
  m_ObjectHideFlags: 0
  m_PrefabParentObject: {fileID: 0}
  m_PrefabInternal: {fileID: 0}
  m_Name: Videos
  m_AudioMixer: {fileID: 24100000}
  m_GroupID: daa368479d6292c4fb686ffda41bf4bb
  m_Children: []
  m_Volume: 4acfae1393bcee742a2da7975c237df9
  m_Pitch: 650366bd09f060640b522a288b550eb6
  m_Effects:
  - {fileID: 244644793355253202}
  m_UserColorIndex: 0
  m_Mute: 0
  m_Solo: 0
  m_BypassEffects: 0
--- !u!243 &243698288425817400
AudioMixerGroupController:
  m_ObjectHideFlags: 0
  m_PrefabParentObject: {fileID: 0}
  m_PrefabInternal: {fileID: 0}
  m_Name: Input
  m_AudioMixer: {fileID: 24100000}
  m_GroupID: 66a65f54ffc9ddb4591513d6c09822d5
  m_Children: []
  m_Volume: ab3c781dbdd5bfd4bb98acfa373fcae7
  m_Pitch: b8364a6c87a27674bab200fb24fee362
  m_Effects:
  - {fileID: 244677454568714828}
  m_UserColorIndex: 0
  m_Mute: 0
  m_Solo: 0
  m_BypassEffects: 0
--- !u!243 &243869423785857236
AudioMixerGroupController:
  m_ObjectHideFlags: 0
  m_PrefabParentObject: {fileID: 0}
  m_PrefabInternal: {fileID: 0}
  m_Name: Ambient
  m_AudioMixer: {fileID: 24100000}
  m_GroupID: b428ff59dc747f340b105fb7662ded52
  m_Children: []
  m_Volume: 315d2abd472388149b8520c801ca934c
  m_Pitch: edb06f02a07c09741820e5a81aeb2494
  m_Effects:
  - {fileID: 244642233909984552}
  m_UserColorIndex: 0
  m_Mute: 0
  m_Solo: 0
  m_BypassEffects: 0
--- !u!244 &244050328660517140
AudioMixerEffectController:
  m_ObjectHideFlags: 3
  m_PrefabParentObject: {fileID: 0}
  m_PrefabInternal: {fileID: 0}
  m_Name: 
  m_EffectID: b92ed2bac13f46c43941e916c4ddf987
  m_EffectName: Attenuation
  m_MixLevel: a4efd97ea9ef9a645ba7f86820e9a358
  m_Parameters: []
  m_SendTarget: {fileID: 0}
  m_EnableWetMix: 0
  m_Bypass: 0
--- !u!244 &244601344633112062
AudioMixerEffectController:
  m_ObjectHideFlags: 3
  m_PrefabParentObject: {fileID: 0}
  m_PrefabInternal: {fileID: 0}
  m_Name: 
  m_EffectID: 89bb02a2212c93844b8f80b680a21ed9
  m_EffectName: Attenuation
  m_MixLevel: 7bfceabe0c9231c4dbc5c6dd518f0be4
  m_Parameters: []
  m_SendTarget: {fileID: 0}
  m_EnableWetMix: 0
  m_Bypass: 0
--- !u!244 &244642233909984552
AudioMixerEffectController:
  m_ObjectHideFlags: 3
  m_PrefabParentObject: {fileID: 0}
  m_PrefabInternal: {fileID: 0}
  m_Name: 
  m_EffectID: df5b013cee8d17c41ab941c53231fc82
  m_EffectName: Attenuation
  m_MixLevel: 991dca8f192b89542aaf5350afd265b3
  m_Parameters: []
  m_SendTarget: {fileID: 0}
  m_EnableWetMix: 0
  m_Bypass: 0
--- !u!244 &244644793355253202
AudioMixerEffectController:
  m_ObjectHideFlags: 3
  m_PrefabParentObject: {fileID: 0}
  m_PrefabInternal: {fileID: 0}
  m_Name: 
  m_EffectID: 93f5ff9d081f38649a51a55e4aecc756
  m_EffectName: Attenuation
  m_MixLevel: 661ded10e097cae4980f4f839f7454eb
  m_Parameters: []
  m_SendTarget: {fileID: 0}
  m_EnableWetMix: 0
  m_Bypass: 0
--- !u!244 &244647993487029950
AudioMixerEffectController:
  m_ObjectHideFlags: 3
  m_PrefabParentObject: {fileID: 0}
  m_PrefabInternal: {fileID: 0}
  m_Name: 
  m_EffectID: 3fd4e0b8f7af6f440bff3d5383e300c5
  m_EffectName: Duck Volume
  m_MixLevel: 486ac0be36681df4cbe28eadca68463e
  m_Parameters:
  - m_ParameterName: Threshold
    m_GUID: 359e7101e2b838b4aa68fe80b788bcbc
  - m_ParameterName: Ratio
    m_GUID: 4deace38f1c58b54d937e5bdf2a334a6
  - m_ParameterName: Attack Time
    m_GUID: fe4ce64992a67044b99d652fd0f766bd
  - m_ParameterName: Release Time
    m_GUID: d7baaa097292cf04f8046be914899d2c
  - m_ParameterName: Make-up Gain
    m_GUID: 4e58715836d3ec94cbc819aea51355e3
  - m_ParameterName: Knee
    m_GUID: aeeb9843e8468ce4c8d0a87ce70db17f
  - m_ParameterName: Sidechain Mix
    m_GUID: 84e564d446e0e1348bf2994093bdf7cd
  m_SendTarget: {fileID: 0}
  m_EnableWetMix: 0
  m_Bypass: 0
--- !u!244 &244677454568714828
AudioMixerEffectController:
  m_ObjectHideFlags: 3
  m_PrefabParentObject: {fileID: 0}
  m_PrefabInternal: {fileID: 0}
  m_Name: 
  m_EffectID: bc066400ea9a8204399e3550482a58c0
  m_EffectName: Attenuation
  m_MixLevel: e6f70984010ea794ea5fef2c0ce608e9
  m_Parameters: []
  m_SendTarget: {fileID: 0}
  m_EnableWetMix: 0
  m_Bypass: 0
